%% This BibTeX bibliography file was created using BibDesk.
%% http://bibdesk.sourceforge.net/


%% Created for Ulrich Groh at 2017-02-21 07:29:07 +0100 


%% Saved with string encoding Unicode (UTF-8) 



@book{hawkins,
	Author = {Thomas Hawkins},
	Date-Added = {2017-02-21 06:27:17 +0000},
	Date-Modified = {2017-02-21 06:29:05 +0000},
	Edition = {2},
	Keywords = {ANA HIST},
	Publisher = {Chelsea Publishing},
	Title = {Lebesgues Theory of Integration: its Origins and Development},
	Year = {1975}}

@book{edwards,
	Date-Added = {2017-02-21 06:22:17 +0000},
	Date-Modified = {2017-02-21 06:23:28 +0000},
	Keywords = {ANA HIST},
	Publisher = {Springer},
	Title = {The Historical Development of the Calculus},
	Year = {1979}}

@book{efhn:2016,
	Author = {Tanja Eisner AND B{\'a}lint Farkas AND Markus Haase AND Rainer Nagel},
	Date-Added = {2016-12-24 11:17:36 +0000},
	Date-Modified = {2016-12-24 11:19:26 +0000},
	Keywords = {FUA},
	Number = {272},
	Publisher = {Springer},
	Series = {Graduate Texts in Mathematics},
	Title = {Operator Theoretic Aspects of Ergodic Theory},
	Year = {2016}}

@book{massey:1967,
	Author = {William S. Massey},
	Date-Added = {2016-12-10 14:56:36 +0000},
	Date-Modified = {2016-12-10 14:57:33 +0000},
	Keywords = {TOP},
	Publisher = {Springer},
	Title = {Algebraic Topology: An Introduction},
	Year = {1987}}

@book{lamport:1986,
	Author = {Leslie Lamport},
	Date-Added = {2016-12-07 17:21:19 +0000},
	Date-Modified = {2016-12-07 17:22:13 +0000},
	Keywords = {Latex},
	Publisher = {Addison Wesley},
	Title = {\LaTeX{}},
	Year = {1986}}

@book{oxtoby,
	Author = {John C. Oxtoby},
	Date-Added = {2016-11-17 11:34:12 +0000},
	Date-Modified = {2016-11-17 11:34:57 +0000},
	Keywords = {TOP},
	Publisher = {Springer},
	Title = {Ma{\ss} und Kategorie},
	Year = {1970}}

@book{jahnke,
	Author = {Hans Niels Jahnke},
	Date-Added = {2016-10-16 08:47:00 +0000},
	Date-Modified = {2016-10-16 08:47:49 +0000},
	Keywords = {ANA},
	Publisher = {Spektrum Akademischer Verlag},
	Title = {Geschichte der Analysis},
	Year = {1999}}

@book{caratheodory:1927,
	Author = {Constantin Carath{\'e}odory},
	Date-Added = {2016-10-06 12:47:24 +0000},
	Date-Modified = {2016-10-06 12:48:49 +0000},
	Keywords = {ANA},
	Publisher = {AMS},
	Title = {Vorlesungen {\"u}ber reelle Funktionen},
	Year = {2004}}

@book{beutelsbacher:2009,
	Author = {Albrecht Beutelsbacher},
	Date-Added = {2016-10-06 07:56:30 +0000},
	Date-Modified = {2016-10-06 07:57:53 +0000},
	Keywords = {Typografie},
	Publisher = {Vieweg+Teubner},
	Title = {Das ist o.B.d.A. trivial!},
	Year = {2009}}

@electronic{beeton,
	Author = {Barbara Beeton AND Richard PalaisRichard},
	Date-Modified = {2016-09-04 14:19:39 +0000},
	Journal = {Visible Language},
	Keywords = {TeX},
	Pages = {1},
	Title = {Communication of Mathematics with \TeX},
	Url = {http://www.ams.org/publications/authors/Communication_of_Mathematics_with_TEX.pdf},
	Urldate = {2016-09-01},
	Volume = {50.4},
	Year = {2016},
	Bdsk-Url-1 = {http://www.ams.org/publications/authors/Communication_of_Mathematics_with_TEX.pdf}}

@book{goossen:2005,
	Author = {Frank Mittelbach AND Michael Goossens},
	Date-Added = {2016-08-27 08:48:19 +0000},
	Date-Modified = {2016-08-27 08:49:37 +0000},
	Keywords = {TeX},
	Publisher = {Pearson},
	Title = {Der \LaTeX{}--Begleiter},
	Year = {2005}}

@book{kohm:2014,
	Author = {Markus Kohm AND Jens-Uwe Morawski},
	Date-Added = {2016-08-25 16:24:07 +0000},
	Date-Modified = {2016-09-04 14:13:18 +0000},
	Edition = {5.},
	Keywords = {TeX},
	Publisher = {Lehmanns},
	Title = {KOMA-Script},
	Year = {2014}}

@book{rrzn:latex,
	Author = {Thomas F. Sturm},
	Date-Added = {2016-08-25 16:22:24 +0000},
	Date-Modified = {2016-08-25 16:23:32 +0000},
	Keywords = {TeX},
	Publisher = {RRZN Hannover},
	Title = {\LaTeX{}, Einf{\"u}hrung in das Textsatzsystem},
	Year = {2014}}

@book{knuth:texbook,
	Author = {Donald E. Knuth},
	Date-Added = {2016-08-25 16:06:49 +0000},
	Date-Modified = {2016-08-25 16:07:55 +0000},
	Keywords = {TeX},
	Publisher = {Addison Wesley},
	Title = {The \TeX{}book},
	Year = {1986}}

@book{kuemmerer-2016,
	Author = {Burhard K{\"u}mmerer},
	Date-Added = {2016-08-25 16:03:58 +0000},
	Date-Modified = {2016-08-25 16:05:27 +0000},
	Keywords = {Stil},
	Publisher = {Springer},
	Title = {Wie man mathematisch schreibt: Sprache -- Stil -- Formeln},
	Year = {2016}}

@url{voss-mathematik,
	Author = {Herbert Vo{\ss}},
	Date-Added = {2016-08-30 11:56:43 +0000},
	Date-Modified = {2016-08-30 12:20:55 +0000},
	Keywords = {TeX},
	Title = {Mathmode},
	Url = {http://url9.de/XHq},
	Bdsk-Url-1 = {http://url9.de/XHq}}

@booklet{rrzn,
	Author = {Thomas Sturm},
	Date-Added = {2016-08-30 11:55:19 +0000},
	Date-Modified = {2016-08-30 11:56:28 +0000},
	Howpublished = {RRZN--Hannover},
	Keywords = {TeX},
	Title = {\LaTeX{}--Einf{\"u}hrung in das Textsatzsystem},
	Year = {2014}}

@url{l2kurz,
	Author = {Marco Daniel},
	Date-Added = {2016-08-30 11:53:43 +0000},
	Date-Modified = {2016-08-30 11:55:15 +0000},
	Keywords = {TeX},
	Lastchecked = {2016-08-30},
	Title = {\LaTeXe{}--Kurzbeschreibung},
	Url = {http://url9.de/XHp},
	Bdsk-Url-1 = {http://url9.de/XHp}}

@url{typokurz,
	Author = {Christof Bier},
	Date-Added = {2016-08-30 11:51:17 +0000},
	Date-Modified = {2016-08-30 12:12:27 +0000},
	Keywords = {TeX},
	Lastchecked = {2016-08-30},
	Title = {\textsf{typokurz}--Einige wichtige typografischen Regeln},
	Url = {http://url9.de/XHo},
	Bdsk-Url-1 = {http://url9.de/XHo}}

@book{bourbaki-resultats,
	Author = {Nicolas Bourbaki},
	Date-Added = {2016-07-22 05:36:45 +0000},
	Date-Modified = {2016-07-22 05:39:26 +0000},
	Keywords = {FUA TVR},
	Publisher = {Hermann},
	Series = {{\'E}lements de math{\'e}matoque},
	Title = {Espaces Vectoriels Topologiques --Fascicule de R{\'e}sultats--},
	Volume = {Livre V},
	Year = {1955}}

@book{koethe:1979,
	Author = {Gottfried K{\"o}the},
	Date-Added = {2016-03-27 13:45:57 +0000},
	Date-Modified = {2016-03-27 13:49:22 +0000},
	Keywords = {FUA TVR},
	Number = {237},
	Publisher = {Springer-Verlag},
	Series = {Grundlehren der mathematischen Wissenschaften},
	Title = {Topological Vector Spaces II},
	Year = {1979}}

@book{koethe:1983,
	Author = {Gottfried K{\"o}the},
	Date-Added = {2016-03-27 13:42:38 +0000},
	Date-Modified = {2016-03-27 13:49:37 +0000},
	Keywords = {FUA TVR},
	Number = {189},
	Publisher = {Springer-Verlag},
	Series = {Grundlehren der mathematischen Wissenschaften},
	Title = {Topological Vector Spaces I},
	Year = {1983}}

@book{connes:1994,
	Author = {Alain Connes},
	Date-Added = {2015-10-14 08:16:29 +0000},
	Date-Modified = {2015-10-14 08:17:57 +0000},
	Keywords = {OPT},
	Publisher = {Academic Press},
	Title = {Noncommutative Geometry},
	Year = {1994}}

@book{JvN:vol-II,
	Author = {John von Neumann},
	Date-Added = {2015-07-29 12:05:54 +0000},
	Date-Modified = {2015-07-29 12:07:14 +0000},
	Editor = {A.H. Taub},
	Keywords = {JvN},
	Publisher = {Pergamon Press},
	Title = {John von Neumann: Operators (Collected Works)},
	Volume = {Volume II},
	Year = {1961}}

@book{JvN:vol-III,
	Author = {John von Neumann},
	Date-Added = {2015-07-29 12:03:32 +0000},
	Date-Modified = {2015-07-29 12:05:44 +0000},
	Editor = {A.H. Taub},
	Keywords = {JvN},
	Publisher = {Pergamon Press},
	Title = {John von Neumann: Rings of Operators (Collected Works)},
	Volume = {Volume III},
	Year = {1961}}

@book{voss:2008a,
	Author = {Herbert Vo{\ss}},
	Date-Added = {2015-03-24 13:41:32 +0000},
	Date-Modified = {2015-03-24 13:42:25 +0000},
	Keywords = {TeX},
	Publisher = {Lehmanns},
	Title = {Tabellen in \LaTeX},
	Year = {2008}}

@book{voss:2011,
	Author = {Herbert Vo{\ss}},
	Date-Added = {2015-03-24 12:26:50 +0000},
	Date-Modified = {2015-03-24 12:27:25 +0000},
	Keywords = {TeX},
	Publisher = {Lehmanns},
	Title = {Bibliographien mit \LaTeX},
	Year = {2011}}

@book{voss:2009,
	Author = {Herbert Vo{\ss}},
	Date-Added = {2015-03-24 12:25:43 +0000},
	Date-Modified = {2015-03-24 12:26:42 +0000},
	Keywords = {TeX},
	Publisher = {Lehmanns},
	Title = {Pr{\"a}sentationen mit \LaTeX},
	Year = {2009}}

@book{voss:2008b,
	Author = {Herbert Vo{\ss}},
	Date-Added = {2015-03-24 12:24:52 +0000},
	Date-Modified = {2015-03-24 13:42:32 +0000},
	Edition = {5. Auflage},
	Keywords = {TeX},
	Publisher = {Lehmanns},
	Title = {PSTricks},
	Year = {2008}}

@book{voss:2012b,
	Author = {Herbert Vo{\ss}},
	Date-Added = {2015-03-24 12:23:31 +0000},
	Date-Modified = {2015-03-24 12:24:09 +0000},
	Edition = {2. Auflage},
	Keywords = {TeX},
	Publisher = {Lehmanns},
	Title = {Mathematiksatz mit \LaTeX},
	Year = {2012}}

@book{voss:2012a,
	Author = {Herbert Vo{\ss}},
	Date-Added = {2015-03-19 07:28:22 +0000},
	Date-Modified = {2015-03-24 12:23:23 +0000},
	Edition = {1. Auflage},
	Keywords = {TeX},
	Publisher = {Lehmanns},
	Title = {Einf{\"u}hrung in \LaTeX},
	Year = {2012}}

@book{voss:2014,
	Author = {Herbert Vo{\ss}},
	Date-Added = {2015-03-19 07:26:35 +0000},
	Date-Modified = {2015-03-19 07:28:12 +0000},
	Edition = {3. Auflage},
	Keywords = {TeX},
	Publisher = {Lehmanns},
	Title = {\LaTeX Referenz},
	Year = {2014}}

@book{graetzer:2007,
	Author = {George Gr{\"a}tzer},
	Date-Added = {2015-03-04 11:26:45 +0000},
	Date-Modified = {2015-03-04 11:28:26 +0000},
	Edition = {4.},
	Keywords = {TeX},
	Publisher = {Springer},
	Title = {More Math into \LaTeX},
	Year = {2007}}

@book{berberian:1973,
	Author = {Sterling K. Berberian},
	Date-Added = {2015-03-04 08:14:31 +0000},
	Date-Modified = {2015-03-04 08:15:57 +0000},
	Edition = {Graduate Texts in Mathematics},
	Keywords = {FUA OPT},
	Publisher = {Springer},
	Title = {Lectures in Functional Analysis and Operator Theory},
	Year = {1973}}

@book{mathieu:1998,
	Address = {Heidelberg - Berlin},
	Author = {Martin Mathieu},
	Date-Added = {2015-03-02 09:44:00 +0000},
	Date-Modified = {2015-03-02 09:45:19 +0000},
	Keywords = {FUA},
	Publisher = {Spektrum Akademischer Verlag},
	Title = {Funktionalanalysis - Ein Arbeitsbuch -},
	Year = {1998}}

@book{behrends:2009,
	Author = {Ehrhard Behrends},
	Date-Added = {2015-02-25 13:47:19 +0000},
	Date-Modified = {2015-02-25 13:48:07 +0000},
	Edition = {4.},
	Keywords = {ANA},
	Publisher = {Vieweg + Teubner},
	Title = {Analysis, Band 1},
	Year = {2009}}

@book{behrends:2007,
	Author = {Ehrhard Behrends},
	Date-Added = {2015-02-25 13:46:21 +0000},
	Date-Modified = {2015-02-25 13:47:10 +0000},
	Edition = {2.},
	Keywords = {ANA},
	Publisher = {Vieweg},
	Title = {Analysis, Band 2},
	Year = {2007}}

@book{alpay:2010,
	Address = {Basel},
	Author = {Daniel Alpay},
	Date-Added = {2015-02-23 16:53:28 +0000},
	Date-Modified = {2015-02-23 16:54:19 +0000},
	Keywords = {FKT},
	Publisher = {Birkh{\"a}user},
	Title = {A Complex Analysis Problem Book},
	Year = {2010}}

@book{appel:2005,
	Address = {Wiesbaden},
	Author = {J{\"u}rgen Appell AND Martin V{\"a}th},
	Date-Added = {2015-02-23 16:46:52 +0000},
	Date-Modified = {2015-02-23 16:48:42 +0000},
	Keywords = {FUA},
	Publisher = {Vieweg},
	Title = {Elemente der Funktionalanalysis},
	Year = {2005}}

@book{aulbach:2010,
	Address = {Heidelberg},
	Author = {Bernd Aulbach},
	Date-Added = {2015-02-23 16:43:40 +0000},
	Date-Modified = {2015-02-25 14:05:54 +0000},
	Edition = {2. Auflage},
	Keywords = {DGL},
	Publisher = {Spektrum Akademischer Verlag},
	Title = {Gew{\"o}hnliche Differenzialgleichungen},
	Year = {2010}}

@book{alfsen:1971,
	Author = {Erik Alfsen},
	Date-Added = {2015-01-18 08:43:02 +0000},
	Date-Modified = {2015-02-23 08:31:29 +0000},
	Keywords = {FUA},
	Publisher = {Springer},
	Series = {Ergebnisse der Mathematik und ihrer Grenzgebiete},
	Title = {Compact Convex Sets ans Boundary Integrals},
	Volume = {Band 57},
	Year = {1971}}

@book{lindenstrauss:1977-1,
	Address = {Berlin - Heidelberg - New York},
	Author = {Joram Lindenstrauss AND Lior Tzafriri},
	Date-Added = {2014-12-23 10:30:06 +0000},
	Date-Modified = {2015-03-05 10:43:15 +0000},
	Keywords = {FUA},
	Publisher = {Springer},
	Series = {Ergebnisse der Mathematik und ihrer Grenzgebiete},
	Title = {Classicsal Banach Spaces I - Sequence Spaces -},
	Year = {1977}}

@book{lindenstrauss:1977-2,
	Address = {Berlin - Heidelberg - New York},
	Author = {Joram Lindenstrauss AND Lior Tzafriri},
	Date-Added = {2014-12-23 10:30:06 +0000},
	Date-Modified = {2015-03-05 10:43:08 +0000},
	Keywords = {FUA},
	Publisher = {Springer},
	Series = {Ergebnisse der Mathematik und ihrer Grenzgebiete},
	Title = {Classicsal Banach Spaces II - Function Spaces -},
	Year = {1977}}

@book{kelley:1976,
	Author = {John L. Kelley AND Isaac Namioka},
	Date-Added = {2014-04-31 08:05:06 +0000},
	Date-Modified = {2015-03-04 11:30:29 +0000},
	Keywords = {FUA},
	Publisher = {Springer},
	Title = {Linear Topological Spaces},
	Year = {1976}}

@book{kelley:1975,
	Author = {John L. Kelley},
	Date-Added = {2014-04-11 08:05:06 +0000},
	Date-Modified = {2015-03-04 11:30:44 +0000},
	Keywords = {TOP},
	Publisher = {Springer},
	Title = {General Topology},
	Year = {1975}}

@book{schwartz-distributionen,
	Author = {Laurent Schwartz},
	Date-Added = {2014-04-11 07:52:07 +0000},
	Date-Modified = {2014-04-11 08:05:03 +0000},
	Keywords = {Schwartz},
	Publisher = {Herrmann {\'E}diteurs des Sciences et des Arts},
	Title = {Th{\'e}orie des Distributions},
	Year = {1966}}

@book{kaballo:2011,
	Author = {Winfried Kaballo},
	Date-Added = {2014-01-25 16:19:59 +0000},
	Date-Modified = {2015-02-25 14:03:17 +0000},
	Keywords = {FUA},
	Publisher = {Spektrum Akademischer Verlag},
	Title = {Grundkurs Funktionalanalysis},
	Year = {2011}}

@book{bourbaki:integration-1,
	Author = {N. Bourbaki},
	Date-Added = {2013-11-06 13:51:01 +0000},
	Date-Modified = {2013-11-06 13:51:18 +0000},
	Keywords = {Bourbaki},
	Publisher = {Springer},
	Title = {Integration I, Chapters 1 - 6},
	Year = {2004}}

@book{bourbaki:integration-2,
	Author = {N. Bourbaki},
	Date-Added = {2013-11-06 13:48:32 +0000},
	Date-Modified = {2013-11-06 13:50:52 +0000},
	Keywords = {Bourbaki},
	Publisher = {Springer},
	Title = {Integration II, Chapters 7 - 9},
	Year = {2004}}

@book{treves,
	Author = {Francoi{\c{c}}s Tr{\`e}ves},
	Date-Added = {2013-10-10 15:07:00 +0000},
	Date-Modified = {2016-03-27 13:50:46 +0000},
	Keywords = {FUA TVR},
	Publisher = {Dover Publications, Inc.},
	Title = {Topological Vector Spaces, Distributions and Kernels},
	Year = {2006}}

@book{tao-compactness,
	Author = {Terence Tao},
	Date-Added = {2013-10-04 12:06:53 +0000},
	Date-Modified = {2013-10-04 12:07:40 +0000},
	Keywords = {Tao},
	Publisher = {American Mathematical Society},
	Title = {Compactness and Contradiction},
	Year = {2013}}

@book{arendt:2010,
	Author = {Wolfgang Arendt AND Karsten Urban},
	Date-Added = {2013-09-30 08:46:15 +0000},
	Date-Modified = {2015-02-25 14:06:02 +0000},
	Keywords = {DGL},
	Publisher = {Spektrum Akademischer Verlag},
	Title = {Partielle Differenzialgleichungen},
	Year = {2010}}

@book{alt:2012,
	Address = {Berlin-Heidelberg-New York},
	Author = {Hans Wilhelm Alt},
	Date-Added = {2013-09-20 15:27:39 +0000},
	Date-Modified = {2015-02-23 08:21:40 +0000},
	Edition = {6. Auflage},
	Keywords = {FUA},
	Publisher = {Springer},
	Title = {Lineare Funktionalanalysis},
	Year = {2012}}

@book{knopp-fkt-II,
	Author = {Konrad Knopp},
	Date-Added = {2013-06-22 12:07:37 +0000},
	Date-Modified = {2013-07-17 09:33:57 +0000},
	Edition = {12. Auflage},
	Keywords = {Knopp},
	Publisher = {Sammlung G{\"o}schen},
	Title = {Funktionentheorie II},
	Year = {1971}}

@book{jaehnich-fkt,
	Author = {Klaus J{\"a}hnich},
	Date-Added = {2013-03-30 16:37:07 +0000},
	Date-Modified = {2013-03-30 16:38:43 +0000},
	Edition = {6. Auflage},
	Keywords = {J{\"a}hnich},
	Publisher = {Springer},
	Title = {Funktionentheorie},
	Year = {2008}}

@book{remmert-schumacher:fkt2,
	Author = {Reinhold Remmert AND Georg Schumacher},
	Date-Added = {2013-03-28 15:27:16 +0000},
	Date-Modified = {2013-03-28 15:28:22 +0000},
	Edition = {3. Auflage},
	Keywords = {Remmert-Schumacher},
	Publisher = {Springer},
	Title = {Funktionentheorie 2},
	Year = {2007}}

@book{remmert-schumacher:fkt1,
	Author = {Reinhold Remmert AND Georg Schumacher},
	Date-Added = {2013-03-28 15:25:56 +0000},
	Date-Modified = {2013-03-28 15:27:13 +0000},
	Edition = {5. Auflage},
	Keywords = {Remmert-Schumacher},
	Publisher = {Springer},
	Title = {Funktionentheorie 1},
	Year = {2002}}

@book{grauert-lieb:fkt,
	Author = {Wolfgang Fischer AND Ingo Lieb},
	Date-Added = {2013-03-28 15:23:48 +0000},
	Date-Modified = {2013-03-28 15:25:04 +0000},
	Edition = {9. Auflage},
	Keywords = {Grauert-Lieb},
	Publisher = {Vieweg + Teubner},
	Title = {Funktionentheorie},
	Year = {2008}}

@book{grauert-liebb:einf-fkt,
	Author = {Wolfgang Fischer AND Ingo Lieb},
	Date-Added = {2013-03-28 15:22:03 +0000},
	Date-Modified = {2013-03-28 15:23:46 +0000},
	Keywords = {Grauert-Lieb},
	Publisher = {Vieweg + Teubner},
	Title = {Einf{\"u}hrung in die Komplexe Analysis},
	Year = {2010}}

@book{burg:2006,
	Address = {Wiesbaden},
	Author = {Klemens Burg AND Herbert Haf AND Freidrich Wille},
	Date-Added = {2013-02-18 12:24:48 +0000},
	Date-Modified = {2015-02-25 14:07:35 +0000},
	Keywords = {VektorANA},
	Publisher = {Teubner Verlag},
	Title = {Vektoranalysis},
	Year = {2006}}

@book{agricola:2010,
	Address = {Wiesbaden},
	Annote = {Differentialformen},
	Author = {Ilka Agricola AND Thomas Friedrich},
	Date-Added = {2013-02-18 10:21:18 +0000},
	Date-Modified = {2015-02-25 14:04:34 +0000},
	Edition = {2. Auflage},
	Keywords = {VektorANA},
	Publisher = {Vieweg + Teubner},
	Series = {Studium},
	Title = {Vektoranalysis},
	Year = {2010}}

@book{forster-ana3,
	Author = {Otto Forster},
	Date-Added = {2013-02-18 10:07:46 +0000},
	Date-Modified = {2013-02-18 10:11:34 +0000},
	Edition = {6. Auflage},
	Keywords = {Forster Analysis},
	Publisher = {Vieweg + Teubner},
	Title = {Analysis 3},
	Year = {20121}}

@book{elstrodt,
	Author = {J{\"u}rgen Elstrodt},
	Date-Added = {2013-02-18 09:57:57 +0000},
	Date-Modified = {2013-02-18 09:59:05 +0000},
	Keywords = {Elstrodt Masstheorie},
	Publisher = {Springer},
	Series = {Grundwissen Mathematik},
	Title = {Ma{\ss}- und Integrationstheorie},
	Year = {2011}}

@book{caratheodory:1950-2,
	Author = {Constantin Carath{\'e}odory},
	Date-Added = {2013-02-01 09:52:52 +0000},
	Date-Modified = {2015-02-25 14:07:16 +0000},
	Keywords = {FKT},
	Publisher = {Verlag Birkh{\"a}user Basel},
	Title = {Funktionentheorie II},
	Year = {1950}}

@book{caratheodory:1950-1,
	Author = {Constantin Carath{\'e}odory},
	Date-Added = {2013-02-01 09:51:33 +0000},
	Date-Modified = {2015-02-25 14:07:08 +0000},
	Keywords = {FKT},
	Publisher = {Verlag Birkh{\"a}user Basel},
	Title = {Funktionentheorie I},
	Year = {1950}}

@book{fischer-lieb-2,
	Author = {Wolfgang Fischer AND Ingo Lieb},
	Date-Added = {2013-02-01 09:50:09 +0000},
	Date-Modified = {2013-02-01 09:51:11 +0000},
	Edition = {9. Auflage},
	Keywords = {Fischer-Lieb},
	Publisher = {Vieweg+Teubner},
	Title = {Funktionentheorie},
	Year = {2008}}

@book{fischer-lieb-1,
	Author = {Wolfgang Fischer AND Ingo Lieb},
	Date-Added = {2013-02-01 09:49:04 +0000},
	Date-Modified = {2013-02-01 09:51:30 +0000},
	Keywords = {Fischer-Lieb},
	Publisher = {Vieweg+Teubner},
	Title = {Einf{\"u}hrung in die Komplexe Analysis},
	Year = {2010}}

@book{ebbinghaus,
	Address = {Berlin AND Heidelberg AND New York},
	Author = {H.-D. Ebbinghaus},
	Date-Added = {2013-01-27 12:44:47 +0000},
	Date-Modified = {2013-01-27 12:51:55 +0000},
	Edition = {3. Auflage},
	Keywords = {Ebbinghaus},
	Publisher = {Springer},
	Title = {Zahlen},
	Year = {1992}}

@book{halmos-measure,
	Address = {New York AND Heidelberg AND Berlin},
	Author = {Paul Halmos},
	Date-Added = {2012-12-12 13:27:34 +0000},
	Date-Modified = {2012-12-12 13:28:37 +0000},
	Keywords = {Halmos},
	Publisher = {Springer},
	Title = {Measure Theory},
	Year = {1974}}

@book{bourbaki:sets,
	Author = {Nicolas Bourbaki},
	Date-Added = {2012-12-08 07:24:17 +0000},
	Date-Modified = {2012-12-08 07:25:56 +0000},
	Keywords = {Bourbaki},
	Publisher = {Springer},
	Series = {Elements of Mathematics},
	Title = {Theory of Sets},
	Year = {2004}}

@book{hausdorff:mengenlehre,
	Author = {Felix Hausdorff},
	Date-Added = {2012-10-09 16:26:47 +0000},
	Date-Modified = {2012-10-09 16:28:14 +0000},
	Keywords = {Hausdorff},
	Publisher = {Springer},
	Title = {Grundz{\"u}ge der Mengenlehre},
	Year = {1914}}

@book{walter-ana2,
	Author = {W. Walter},
	Date-Added = {2012-07-13 16:23:48 +0000},
	Date-Modified = {2012-07-13 16:24:36 +0000},
	Keywords = {Walter},
	Publisher = {Springer},
	Title = {Analysis 2},
	Year = {2002}}

@book{waerden-alg2,
	Author = {B.L. van der Waerden},
	Date-Added = {2012-03-06 16:21:21 +0000},
	Date-Modified = {2016-10-21 06:20:47 +0000},
	Keywords = {Waerden},
	Publisher = {Springer--Verlag},
	Title = {Algebra (Zweiter Teil)},
	Year = {1967}}

@book{landau:grundlagen-analysis,
	Author = {Edmund Landau},
	Date-Added = {2012-02-15 12:18:23 +0000},
	Date-Modified = {2012-02-15 12:19:22 +0000},
	Keywords = {landau},
	Publisher = {Heldermann Verlag},
	Title = {Grundlagen der Analysis},
	Year = {2008}}

@book{tao:measure-theory,
	Author = {Terence Tao},
	Date-Added = {2012-01-28 13:34:48 +0000},
	Date-Modified = {2012-01-28 13:36:01 +0000},
	Keywords = {Tao},
	Number = {126},
	Publisher = {American Mathematical Society},
	Series = {Graduate Studies in Mathematics},
	Title = {An Introduction to Measure Theory},
	Year = {2011}}

@book{courant-robbins,
	Author = {Richard Courant and Herbert Robbins},
	Date-Added = {2012-01-27 07:30:34 +0000},
	Date-Modified = {2012-01-27 07:30:34 +0000},
	Keywords = {Courant, Mathematikgrundbegriffe},
	Publisher = {Springer-Verlag, Berlin},
	Title = {Was ist Mathematik?},
	Year = {2007}}

@book{deiser:2010,
	Author = {Oliver Deiser},
	Date-Added = {2012-01-27 07:30:34 +0000},
	Date-Modified = {2012-01-27 07:30:34 +0000},
	Keywords = {Deiser},
	Publisher = {Springer},
	Title = {Einf{\"u}hrung in die Mengenlehre},
	Year = {2010}}

@book{dieudonne-geschichte,
	Author = {Jean Dieudonn{\'e}},
	Date-Added = {2012-01-27 07:30:34 +0000},
	Date-Modified = {2012-01-27 07:30:34 +0000},
	Keywords = {Dieudonne, Mathematikgeschichte},
	Publisher = {Vieweg+Teubner, Leipzig},
	Title = {Geschichte der Mathematik 1700-1900},
	Year = {1985}}

@book{gowers-princeton,
	Author = {Timothy Gowers and June Barrow-Green and Imre Leader},
	Date-Added = {2012-01-27 07:30:34 +0000},
	Date-Modified = {2012-01-27 07:30:34 +0000},
	Keywords = {Gowers},
	Publisher = {Princeton University Press},
	Title = {The Princeton Companion to Mathematics},
	Year = {2008}}

@book{hairer-wanner,
	Author = {Ernst Hairer and Gerhard Wanner},
	Date-Added = {2012-01-27 07:30:34 +0000},
	Date-Modified = {2012-01-27 07:30:34 +0000},
	Keywords = {Hairer},
	Publisher = {Springer-Verlag, Berlin - Heidelberg - New York},
	Title = {Analysis in historischer Entwicklung},
	Year = {2010}}

@book{deiser-grundbegriffe,
	Address = {Berlin AND Heidelberg},
	Author = {Oliver Deiser},
	Date-Added = {2011-10-16 14:26:52 +0000},
	Date-Modified = {2011-10-16 14:27:58 +0000},
	Keywords = {Deiser},
	Publisher = {Springer},
	Title = {Grundbegriffe der wissenschaftlichen Mathematik},
	Year = {2010}}

@book{pietsch-history,
	Address = {Boston - Basel - Berlin},
	Author = {Albrecht Pietsch},
	Date-Added = {2011-08-01 11:07:57 +0000},
	Date-Modified = {2011-08-01 11:09:14 +0000},
	Keywords = {Pietsch},
	Publisher = {Birkh{\"a}user},
	Title = {History of Banach Spaces and Linear Operators},
	Year = {2007}}

@book{walter-ana1,
	Author = {Wolfgang Walter},
	Date-Added = {2011-07-25 12:18:59 +0000},
	Date-Modified = {2011-07-25 12:20:25 +0000},
	Keywords = {Walter},
	Publisher = {Springer},
	Title = {Analysis 1},
	Year = {2003}}

@book{dedekind-zahlen,
	Address = {Berlin},
	Author = {Richard Dedekind},
	Date-Added = {2011-06-06 09:25:03 +0200},
	Date-Modified = {2011-06-06 09:25:16 +0200},
	Keywords = {Dedekind},
	Publisher = {VEB Deutscher Verlag der Wissenschaften},
	Title = {Was sind uns was sollen Zahlen?},
	Year = {1964}}

@book{dedekind-stetigkeit,
	Address = {Berlin},
	Author = {Richard Dedekind},
	Date-Added = {2011-06-06 09:24:02 +0200},
	Date-Modified = {2011-06-06 09:25:37 +0200},
	Keywords = {Dedekind},
	Publisher = {VEB Deutscher Verlag der Wissenschaften},
	Title = {Stetigkeit und Irrationale Zahlen},
	Year = {1964}}

@book{froeberg,
	Author = {Carl-Erik Fr{\"o}berg},
	Date-Added = {2011-05-28 11:45:49 +0200},
	Date-Modified = {2014-03-17 14:53:28 +0000},
	Keywords = {Fr{\"o}berg},
	Publisher = {Addison-Wesley Publishing Company},
	Title = {Introduction to Numerical Analysis},
	Year = {1972}}

@book{waerden-alg1,
	Author = {B.L. van der Waerden},
	Date-Added = {2011-05-07 17:27:28 +0200},
	Date-Modified = {2016-10-21 06:21:01 +0000},
	Keywords = {Waerden},
	Publisher = {Springer--Verlag},
	Title = {Algebra (Erster Teil)},
	Year = {1966}}

@book{knopp-reihen,
	Address = {Berlin AND Heidelberg AND New York},
	Author = {Konrad Knopp},
	Date-Added = {2011-05-01 19:21:21 +0200},
	Date-Modified = {2011-05-01 19:23:17 +0200},
	Edition = {6. Auflage},
	Keywords = {Knopp},
	Publisher = {Springer},
	Title = {Theorie und Anwendung der unendlichen Reihen},
	Year = {1996}}

@book{hardy-pure,
	Author = {Godfrey H. Hardy},
	Date-Added = {2011-04-29 18:09:22 +0200},
	Date-Modified = {2012-01-27 11:15:08 +0000},
	Keywords = {Hardy},
	Publisher = {Cambridge University Press},
	Title = {A Course of Pure Mathematics},
	Year = {2011}}

@book{fischer-la,
	Author = {Gerd Fischer},
	Date-Added = {2011-03-26 16:00:54 +0100},
	Date-Modified = {2011-03-26 16:01:36 +0100},
	Keywords = {Fischer},
	Publisher = {Vieweg + Teubner},
	Title = {Lernbuch Lineare Algebra und Analytische Geometrie},
	Year = {2011}}

@book{beutelsbacher:2010,
	Author = {Albrecht Beutelsbacher},
	Date-Added = {2011-03-26 15:59:53 +0100},
	Date-Modified = {2015-02-25 14:10:29 +0000},
	Keywords = {LINAlgebra},
	Publisher = {Vieweg + Teubner},
	Title = {Lineare Algebra},
	Year = {2010}}

@book{lax-fua,
	Author = {Peter Lax},
	Date-Added = {2011-03-26 15:56:55 +0100},
	Date-Modified = {2015-03-02 09:46:12 +0000},
	Keywords = {FUA},
	Publisher = {Wiley-Interscience Publication},
	Title = {Functional Analysis},
	Year = {2002}}

@book{koecher,
	Address = {Berlin AND Heidelberg},
	Author = {Max Koecher},
	Date-Added = {2011-03-26 15:54:09 +0100},
	Date-Modified = {2011-03-26 15:56:40 +0100},
	Keywords = {Koecher},
	Publisher = {Springer},
	Series = {Grundwissen Mathematik},
	Title = {Lineare Algebra und Analytische reometrie},
	Year = {2003}}

@book{lax-la,
	Address = {Hoboken, New Jersey},
	Author = {Peter Lax},
	Date-Added = {2011-02-13 09:39:14 +0100},
	Date-Modified = {2015-03-02 09:46:23 +0000},
	Edition = {2},
	Keywords = {LINAlgebra},
	Publisher = {John Wiley \& Sons, Inc.Wiley},
	Title = {Linear Algebra and its Applications},
	Year = {2008}}

@book{mandelbrot,
	Address = {New York},
	Author = {Benoit B. Mandelbrot},
	Date-Added = {2011-01-23 11:16:40 +0100},
	Date-Modified = {2011-01-23 11:18:13 +0100},
	Keywords = {Mandelbrot},
	Publisher = {W.H. Freeman and Company},
	Title = {The Fractal Geometry of Nature},
	Year = {1983}}

@book{runde:2008,
	Author = {Volker Runde},
	Date-Added = {2011-01-23 09:00:05 +0100},
	Date-Modified = {2015-03-05 10:42:22 +0000},
	Keywords = {TOP},
	Publisher = {Springer},
	Title = {A Taste of Topology},
	Year = {2008}}

@book{engel-nagel:2006,
	Author = {Klaus-Jochen Engel AND Rainer Nagel},
	Date-Added = {2010-10-02 10:24:17 +0200},
	Date-Modified = {2010-10-02 10:25:37 +0200},
	Keywords = {engel-nagel},
	Publisher = {Springer},
	Series = {Universitext UTX},
	Title = {A Short Course on Operator Semigroups},
	Year = {2006}}

@book{engel-nagel:2000,
	Address = {Berlin AND Heidelberg AND New York},
	Author = {Klaus-Jochen Engel AND Rainer Nagel},
	Date-Added = {2010-10-02 10:22:17 +0200},
	Date-Modified = {2010-10-02 10:24:14 +0200},
	Keywords = {engel-nagel},
	Number = {194},
	Publisher = {Springer},
	Series = {Graduate Textes in Mathematics},
	Title = {One-Paramter Semigroups for Linear Evolution Equations},
	Year = {2000}}

@book{schaefer:tvs,
	Author = {Helmut H. Schaefer},
	Date-Added = {2010-09-25 16:37:25 +0200},
	Date-Modified = {2010-09-25 16:38:44 +0200},
	Edition = {3},
	Keywords = {Schaefer},
	Publisher = {Springer},
	Series = {Graduate Texts in Mathematics},
	Title = {Topological Vector Spaces},
	Year = {1971}}

@book{conway:opt,
	Author = {John B. Conway},
	Date-Added = {2010-07-19 08:02:01 +0200},
	Date-Modified = {2010-07-19 08:03:16 +0200},
	Keywords = {Conway},
	Publisher = {AMS},
	Title = {A Course in Functional Analysis},
	Year = {2007}}

@book{diestel,
	Author = {Joseph Diestel AND Jan Fourie AND Johan Swift},
	Date-Added = {2010-06-27 14:55:28 +0200},
	Date-Modified = {2010-06-27 14:57:28 +0200},
	Keywords = {Diestel},
	Publisher = {AMS},
	Title = {The Metric Theory of Tensor Products, Grothendieck's R{\'e}sum{\'e} Revisited},
	Year = {2008}}

@book{douglas,
	Author = {Ronald G. Douglas},
	Date-Added = {2010-05-09 16:32:49 +0200},
	Date-Modified = {2015-02-17 07:38:31 +0000},
	Keywords = {OPA},
	Publisher = {Springer-Verlag Berlin Heidelberg New York},
	Series = {Second Edition},
	Title = {Banach Algebra Techniques in Operator Theory},
	Year = {1998}}

@book{dieudonne-2,
	Address = {Berlin},
	Author = {Jean Dieudonn{\'e}},
	Date-Added = {2010-05-09 10:15:51 +0200},
	Date-Modified = {2014-04-25 09:05:54 +0000},
	Keywords = {Dieudonne},
	Publisher = {VEB Deutscher Verlag der Wissenschaften},
	Title = {Grundz{\"u}ge der Modernen Analysis, 2},
	Year = {1975}}

@book{dixmier:cstar,
	Address = {Amsterdam - New York - Oxford},
	Author = {Jacques Dixmier},
	Date-Added = {2010-05-07 18:47:27 +0200},
	Date-Modified = {2015-02-17 07:39:36 +0000},
	Keywords = {OPA},
	Publisher = {North-Holland Publishing Company},
	Title = {C$^{*}$-Algebras},
	Year = {1977}}

@book{tao:blog-year2b,
	Author = {Terence Tao},
	Date-Added = {2010-04-12 16:13:20 +0200},
	Date-Modified = {2010-04-12 16:13:59 +0200},
	Keywords = {Tao},
	Publisher = {American Mathematical Society},
	Title = {Poincar{\`e}'s Lagaciies, Part II},
	Year = {2009}}

@book{tao-blog-year2a,
	Author = {Terence Tao},
	Date-Added = {2010-04-12 16:12:19 +0200},
	Date-Modified = {2010-04-12 16:13:14 +0200},
	Keywords = {Tao},
	Publisher = {American Mathematical Society},
	Title = {Poincar{\`e}'s Lagaciies, Part I},
	Year = {2009}}

@book{tao:blog-year1,
	Author = {Terence Tao},
	Date-Added = {2010-04-12 11:54:09 +0200},
	Date-Modified = {2010-04-12 11:55:19 +0200},
	Keywords = {Tao},
	Publisher = {American Mathematical Society},
	Title = {Structure and Randomness},
	Year = {2008}}

@book{reed-simon-1,
	Author = {Michael Reed AND Barry Simon},
	Date-Added = {2010-03-31 15:10:23 +0200},
	Date-Modified = {2010-03-31 15:11:36 +0200},
	Keywords = {Reed-Simon},
	Publisher = {Academic Press},
	Title = {Methods of Modern Mathematical Physics I: Functional Analysis},
	Year = {1972}}

@book{bonsall:1973,
	Author = {Frank F. Bonsall AND John Duncan},
	Date-Added = {2010-03-28 12:47:29 +0200},
	Date-Modified = {2015-02-25 14:03:00 +0000},
	Keywords = {OPT},
	Number = {80},
	Publisher = {Springer},
	Series = {Ergebnisse der Mathematik und ihrer Grenzgebiete},
	Title = {Complete Normed Algebras},
	Year = {1973}}

@book{folland:real-analysis,
	Address = {New York},
	Author = {Gerald B. Folland},
	Date-Added = {2010-03-04 14:49:05 +0100},
	Date-Modified = {2010-03-04 19:03:31 +0100},
	Keywords = {Folland},
	Publisher = {John Wiley \& Sons, Inc.},
	Title = {Real Analysis, Modern Techniques and Their Applications},
	Year = {1999}}

@book{faber:1921,
	Address = {Berlin AND Leipzig},
	Author = {Heinrich Burkhardt},
	Date-Added = {2010-02-28 11:41:15 +0100},
	Date-Modified = {2015-02-25 14:08:23 +0000},
	Editor = {Georg Faber},
	Keywords = {FKT},
	Publisher = {Walter de Gruyter},
	Title = {Einf{\"u}hrung in die Theorie der Analytischen Funktionen einer Komplexen Ver{\"a}nderlichen},
	Year = {1921}}

@book{mangoldt-knopp-3,
	Address = {Leipzig},
	Author = {Hans von Mangoldt AND Konrad Knopp},
	Date-Added = {2010-02-28 11:39:59 +0100},
	Date-Modified = {2015-03-02 09:45:44 +0000},
	Keywords = {ANA},
	Publisher = {S.Hirzel Verlag},
	Title = {Einf{\"u}hrung in die H{\"o}here Mathematik, III. Band},
	Year = {1967}}

@book{mangoldt-knopp-2,
	Address = {Leipzig},
	Author = {Hans von Mangoldt AND Konrad Knopp},
	Date-Added = {2010-02-28 11:38:45 +0100},
	Date-Modified = {2015-03-02 09:45:57 +0000},
	Keywords = {ANA},
	Publisher = {S.Hirzel Verlag},
	Rating = {5},
	Title = {Einf{\"u}hrung in die H{\"o}here Mathematik, II. Band},
	Year = {1967}}

@book{mangoldt-knopp-1,
	Address = {Leipzig},
	Author = {Hans von Mangoldt AND Konrad Knopp},
	Date-Added = {2010-02-28 11:35:57 +0100},
	Date-Modified = {2015-03-02 09:45:57 +0000},
	Keywords = {ANA},
	Publisher = {S.Hirzel Verlag},
	Title = {Einf{\"u}hrung in die H{\"o}here Mathematik, I. Band},
	Year = {1965}}

@book{schaefer:bl,
	Address = {Berlin AND Heidelberg AND New York},
	Author = {Helmut H. Schaefer},
	Date-Added = {2010-02-26 17:10:41 +0100},
	Date-Modified = {2010-02-26 17:13:47 +0100},
	Keywords = {Schaefer},
	Publisher = {Springer--Verlag},
	Title = {Banach Lattices and Positive Operators},
	Year = {1974}}

@book{tao:blog-year3,
	Author = {Terence Tao},
	Date-Added = {2010-02-05 15:37:38 +0100},
	Date-Modified = {2012-04-15 11:18:10 +0000},
	Keywords = {Tao},
	Number = {117},
	Publisher = {AMS},
	Series = {Graduate Studies in Mathematics},
	Title = {An Epsilon of Room, I : Real Analysis --Pages from Year Three of a Mathematical Blog},
	Year = {2010}}

@book{holmes,
	Address = {Berlin AND Heidelberg AND New York},
	Author = {Richard B. Holmes},
	Date-Added = {2010-02-05 15:03:15 +0100},
	Date-Modified = {2016-04-01 05:46:29 +0000},
	Keywords = {FUA TVR},
	Publisher = {Springer--Verlag},
	Series = {Graduate Texts in Mathematics 24},
	Title = {Geometric Functional Analysis and its Applications},
	Year = {1975}}

@book{querenburg,
	Author = {Boto von Querenburg},
	Date-Added = {2010-02-05 14:48:05 +0100},
	Date-Modified = {2017-01-20 08:40:46 +0000},
	Edition = {3},
	Keywords = {TOP},
	Publisher = {Springer},
	Title = {Mengentheoretische Topologie},
	Year = {2000}}

@book{riesz,
	Author = {Friedrich Riesz and B{\'e}la Sz.-Nagy},
	Date-Added = {2010-02-05 14:38:08 +0100},
	Date-Modified = {2010-02-05 16:27:32 +0100},
	Keywords = {Riesz-Nagy},
	Publisher = {VEB Deutscher Verlag der Wissenschaften Berlin},
	Title = {Vorlesungen {\"u}ber Funktionalanalysis},
	Year = {1973}}

@book{dieudonne-1,
	Address = {Berlin},
	Author = {Jean Dieudonn{\'e}},
	Date-Added = {2010-02-05 11:15:22 +0100},
	Date-Modified = {2010-05-09 10:17:47 +0200},
	Keywords = {Dieudonne},
	Publisher = {VEB Deutscher Verlag der Wissenschaften},
	Title = {Grundz{\"u}ge der Modernen Analysis},
	Year = {1972}}

@book{bourbaki:topology-2,
	Address = {Berlin AND Heidelberg AND New York},
	Author = {Nicolas Bourbaki},
	Date-Added = {2010-01-29 09:54:01 +0100},
	Date-Modified = {2010-02-14 12:53:38 +0100},
	Keywords = {Bourbaki},
	Publisher = {Springer--Verlag},
	Title = {General Topology, Chapters 5 - 10},
	Year = {1991}}

@book{bourbaki:topology-1,
	Author = {Nicolas Bourbaki},
	Date-Added = {2010-01-29 09:52:08 +0100},
	Date-Modified = {2010-01-29 09:53:56 +0100},
	Keywords = {Bourbaki},
	Publisher = {Springer--Verlag},
	Title = {General Topology, Chapters 1 - 4},
	Year = {1991}}

@book{heuser:ana2,
	Address = {Wiesbaden},
	Date-Added = {2010-01-17 16:42:06 +0100},
	Date-Modified = {2010-02-22 08:51:17 +0100},
	Keywords = {Heuser},
	Publisher = {Vieweg + Teubner},
	Title = {Lehrbuch der Analysis, Teil 2},
	Year = {2008}}

@book{heuser:ana1,
	Address = {Wiesbaden},
	Author = {Harro Heuser},
	Date-Added = {2010-01-17 16:29:00 +0100},
	Date-Modified = {2015-03-04 11:29:27 +0000},
	Keywords = {ANA},
	Publisher = {Vieweg + Teubner},
	Title = {Lehrbuch der Analysis, Teil 1},
	Year = {2009}}

@book{banach:1932,
	Address = {New York},
	Author = {Stefan Banach},
	Date-Added = {2010-01-10 17:10:46 +0100},
	Date-Modified = {2015-02-25 13:45:45 +0000},
	Keywords = {FUA},
	Publisher = {Chelsea Publishing Company},
	Title = {Th{\'e}orie des Op{\'e}rations Lin{\'e}aires},
	Year = {1932}}

@book{deiser:2008,
	Author = {Oliver Deiser},
	Date-Added = {2009-12-09 12:15:13 +0100},
	Date-Modified = {2009-12-09 12:16:21 +0100},
	Edition = {2},
	Keywords = {Deiser},
	Publisher = {Springer},
	Title = {Reelle Zahlen},
	Year = {2008}}

@book{havil:2007,
	Author = {Julian Havil},
	Date-Added = {2009-11-13 07:06:33 +0100},
	Date-Modified = {2009-11-13 07:07:10 +0100},
	Keywords = {Havil},
	Publisher = {Springer-Verlag Berlin Heidelberg New York},
	Title = {Gamma},
	Year = {2007}}

@book{havil:2009,
	Author = {Julian Havil},
	Date-Added = {2009-11-13 07:05:16 +0100},
	Date-Modified = {2009-11-13 07:06:15 +0100},
	Keywords = {Havil},
	Publisher = {Springer-Verlag Berlin Heidelberg New York},
	Title = {Verbl{\"u}fft?!},
	Year = {2009}}

@book{spivak:calculus,
	Address = {New York AND Amsterdam},
	Author = {Michael Spivak},
	Date-Added = {2009-10-20 19:27:01 +0200},
	Date-Modified = {2010-02-22 08:52:42 +0100},
	Keywords = {Spivak},
	Publisher = {W.A. Benjamin},
	Title = {Calculus},
	Year = {1967}}

@book{rudin:1998,
	Address = {M{\"u}nchen},
	Author = {Walter Rudin},
	Date-Added = {2009-10-16 09:32:10 +0200},
	Date-Modified = {2015-03-05 10:41:41 +0000},
	Keywords = {ANA FKT},
	Publisher = {Oldenbourg Verlag},
	Title = {Reelle und Komplexe Analysis},
	Year = {1987}}

@book{day,
	Author = {Mahlon M. Day},
	Date-Added = {2009-10-16 08:09:00 +0200},
	Date-Modified = {2009-10-31 14:54:11 +0100},
	Keywords = {Day},
	Number = {21},
	Publisher = {Springer-Verlag Berlin Heidelberg New York},
	Series = {Ergebnisse der Mathematik und ihrer Grenzgebiete},
	Title = {Normed Linear Spaces, Third Edition},
	Year = {1970}}

@book{rudin:1991,
	Author = {Walter Rudin},
	Date-Added = {2009-10-14 12:10:10 +0200},
	Date-Modified = {2015-03-05 10:41:59 +0000},
	Edition = {2.},
	Keywords = {FUA},
	Publisher = {McGraw-Hill Kogakusha, Ltd},
	Series = {International Series in Pure and Applied Mathematics},
	Title = {Functional Analysis},
	Year = {1991}}

@book{tao:analysis2,
	Author = {Terence Tao},
	Date-Added = {2009-10-07 10:03:15 +0200},
	Date-Modified = {2012-02-19 09:16:34 +0000},
	Keywords = {Tao},
	Publisher = {Hindustan Book Agency},
	Title = {Analysis II},
	Year = {2009}}

@book{tao:analysis1,
	Author = {Terence Tao},
	Date-Added = {2009-10-07 10:01:53 +0200},
	Date-Modified = {2012-02-19 09:16:34 +0000},
	Keywords = {Tao},
	Publisher = {Hindustan Book Agency},
	Title = {Analysis I},
	Year = {2009}}

@book{dugundji:1972,
	Address = {Boston},
	Author = {James Dugundji},
	Date-Added = {2009-09-30 11:23:57 +0200},
	Date-Modified = {2015-02-23 16:51:32 +0000},
	Edition = {7},
	Keywords = {TOP},
	Publisher = {Allyn and Bacon, Inc.},
	Title = {Topology},
	Year = {1972}}

@book{halmos:1969,
	Author = {Paul R. Halmos},
	Date-Added = {2009-09-30 11:22:25 +0200},
	Date-Modified = {2009-09-30 11:23:33 +0200},
	Keywords = {Halmos},
	Publisher = {Vandenhoeck \& Ruprecht in G{\"o}ttingen},
	Title = {Naive Mengenlehre},
	Year = {1969}}

@book{hirsch-smale,
	Author = {Morris W. Hirsch and Stephen Smale},
	Date-Added = {2009-09-27 16:11:42 +0200},
	Date-Modified = {2009-09-27 16:13:31 +0200},
	Keywords = {Hirsch},
	Publisher = {Academic Press London},
	Series = {Pure and Applied Mathematics},
	Title = {Differential Equations, Dynamical Systems, and Linear Algebra},
	Year = {1974}}

@book{stein:real-analysis,
	Author = {Elias M. Stein AND Rami Shakarchi},
	Date-Added = {2009-09-27 09:04:01 +0200},
	Date-Modified = {2011-01-25 18:08:05 +0100},
	Keywords = {Stein},
	Publisher = {Princeton University Press},
	Series = {Princeton Lectures in Analysis III},
	Title = {Real Analysis, Measure Theory, Integration \& Hilbert Spaces},
	Year = {2005}}

@book{stein:complex,
	Author = {Elias M. Stein and Rami Shakarchi},
	Date-Added = {2009-09-27 09:02:45 +0200},
	Date-Modified = {2009-09-27 09:03:58 +0200},
	Keywords = {Stein},
	Publisher = {Princeton University Press},
	Series = {Princeton Lectures in Analysis II},
	Title = {Complex Analysis},
	Year = {2002}}

@book{appel:2009,
	Address = {Berlin-Heidelberg-New York},
	Author = {J{\"u}rgen Appell},
	Date-Added = {2009-09-22 10:34:48 +0200},
	Date-Modified = {2015-02-23 08:26:44 +0000},
	Keywords = {ANA},
	Publisher = {Springer},
	Title = {Analysis in Beispielen und Gegenbeispielen},
	Year = {2009}}

@book{schechter,
	Author = {Martin Schechter},
	Date-Added = {2009-09-22 10:30:44 +0200},
	Date-Modified = {2009-09-22 10:32:38 +0200},
	Keywords = {Schechter},
	Publisher = {American Mathematical Society},
	Series = {Graduate Studies in Mathematics},
	Title = {Principles of Functional Analysis, Second Edition},
	Volume = {36},
	Year = {2002}}

@book{heuser:2009,
	Address = {Leipzig},
	Author = {Harald Heuser},
	Date-Added = {2009-09-20 18:27:57 +0200},
	Date-Modified = {2015-03-04 11:29:06 +0000},
	Keywords = {DGL},
	Publisher = {Teubner Verlag},
	Title = {Gew{\"o}hnliche Differentialgleichungen, 6. Auflage},
	Year = {2009}}

@book{ahlfors:1968,
	Author = {Lars V. Ahlfors},
	Date-Added = {2009-07-28 07:06:08 +0200},
	Date-Modified = {2015-02-23 08:22:54 +0000},
	Edition = {2},
	Keywords = {FKT},
	Publisher = {McGraw-Hill Kogakusha, Ltd},
	Title = {Complex Analysis},
	Year = {1966}}

@book{halmos:1974,
	Address = {New York AND Heidelberg AND Berlin},
	Author = {Paul R. Halmos},
	Date-Added = {2009-07-27 16:15:54 +0200},
	Date-Modified = {2010-02-22 08:49:20 +0100},
	Keywords = {Halmos},
	Publisher = {Springer},
	Series = {Undergraduate Texts in Mathematics},
	Title = {Finite-Dimensional Vector Spaces},
	Year = {1974}}

@book{koenigsberger-1,
	Author = {Konrad K{\"o}nigsberger},
	Date-Added = {2009-07-27 16:11:41 +0200},
	Date-Modified = {2009-07-27 16:11:41 +0200},
	Edition = {6},
	Keywords = {K{\"o}nigsberger},
	Publisher = {Springer-Verlag Berlin Heidelberg New York},
	Title = {Analysis 1},
	Year = {2004}}

@book{stratila:1979,
	Author = {Serban Stratila and Laszlo Zsido},
	Date-Added = {2009-07-25 17:39:07 +0200},
	Date-Modified = {2010-02-05 14:38:02 +0100},
	Keywords = {Stratila},
	Publisher = {Abacus Press Turnbridge Wells, Kent},
	Title = {Lectures on Von Neumann Algebras},
	Year = {1979}}

@book{takesaki:1979,
	Author = {Masamichi Takesaki},
	Date-Added = {2009-07-25 17:39:07 +0200},
	Date-Modified = {2009-07-25 17:39:07 +0200},
	Keywords = {takesaki},
	Owner = {ugroh},
	Publisher = {Springer},
	Timestamp = {18.09.2008},
	Title = {Theory of Operator Algebras},
	Year = {1979}}

@book{takesaki:2003a,
	Author = {Masamichi Takesaki},
	Date-Added = {2009-07-25 17:39:07 +0200},
	Date-Modified = {2009-07-25 17:39:07 +0200},
	Keywords = {takesaki},
	Publisher = {Springer},
	Series = {Operator Algebras and Non-Commutative Geometry},
	Title = {Theory of Operator Algebras, II},
	Volume = {125},
	Year = {2003}}

@book{takesaki:2003b,
	Author = {Masamichi Takesaki},
	Date-Added = {2009-07-25 17:39:07 +0200},
	Date-Modified = {2009-07-25 17:39:07 +0200},
	Keywords = {takesaki},
	Publisher = {Springer},
	Series = {Operator Algebras and Non-Commutative Geometry},
	Title = {Theory of Operator Algebras, III},
	Volume = {127},
	Year = {2003}}

@book{bourbaki:spectrales,
	Author = {Nikolas Bourbaki},
	Date-Added = {2009-07-25 17:38:55 +0200},
	Date-Modified = {2009-07-28 07:07:58 +0200},
	Keywords = {Bourbaki},
	Publisher = {Hermann, Paris},
	Title = {{\'E}l{\'e}ments de Math{\'e}matiques: Th{\'e}orie Spectrales},
	Year = {1967}}

@book{bourbaki:tvs,
	Author = {Nicolas Bourbaki},
	Date-Added = {2009-07-25 17:38:55 +0200},
	Date-Modified = {2010-01-29 09:52:03 +0100},
	Keywords = {Bourbaki},
	Publisher = {Springer},
	Title = {Elements of Mathematics: Topological Vector Spaces},
	Year = {1990}}

@book{bratteli:1979a,
	Address = {New York AND Heidelberg AND Berlin},
	Author = {Ola Bratteli and Derek W. Robinson},
	Date-Added = {2009-07-25 17:38:55 +0200},
	Date-Modified = {2010-02-17 13:56:29 +0100},
	Keywords = {Bratteli},
	Publisher = {Springer},
	Title = {Operator Algebras and Quantum Statistical Mechanics I},
	Year = {1979}}

@book{bratteli:1979b,
	Address = {New York AND Heidelberg AND Berlin},
	Author = {Ola Bratteli and Derek W. Robinson},
	Date-Added = {2009-07-25 17:38:55 +0200},
	Date-Modified = {2010-02-17 13:56:45 +0100},
	Keywords = {Bratteli},
	Publisher = {Springer},
	Title = {Operator Algebras and Quantum Statistical Mechanics II},
	Year = {1979}}

@book{courant:1968a,
	Author = {Richard Courant and David Hilbert},
	Date-Added = {2009-07-25 17:38:55 +0200},
	Date-Modified = {2009-07-25 17:38:55 +0200},
	Keywords = {Courant},
	Number = {30},
	Publisher = {Springer},
	Series = {Heidelberger Taschenb{\"u}cher},
	Title = {Methoden der Mathematischen Physik I},
	Year = {1968}}

@book{courant:1968b,
	Author = {Richard Courant and David Hilbert},
	Date-Added = {2009-07-25 17:38:55 +0200},
	Date-Modified = {2009-07-25 17:38:55 +0200},
	Keywords = {Courant},
	Number = {31},
	Publisher = {Springer},
	Series = {Heidelberger Taschenb{\"u}cher},
	Title = {Methoden der Mathematischen Physik II},
	Year = {1968}}

@book{dieudonne:history,
	Author = {Jean Dieudonn{\'e}},
	Date-Added = {2009-07-25 17:38:55 +0200},
	Date-Modified = {2010-01-29 12:27:52 +0100},
	Keywords = {Dieudonne},
	Publisher = {North-Holland Publishing Company},
	Title = {History of Functional Analysis},
	Year = {1981}}

@book{dixmier:vna,
	Author = {Jacques Dixmier},
	Date-Added = {2009-07-25 17:38:55 +0200},
	Date-Modified = {2015-02-17 07:39:18 +0000},
	Keywords = {OPA},
	Publisher = {Gauthiers-Villars Paris},
	Title = {Les Alg{\'e}bre d'operat{\'e}urs dans l'{\'E}space Hilbertien (Alg{\'e}bres de von Neumann)},
	Year = {1969}}

@book{halmos:1972,
	Address = {New York},
	Author = {Paul R. Halmos},
	Date-Added = {2009-07-25 17:38:55 +0200},
	Date-Modified = {2010-02-22 08:49:04 +0100},
	Edition = {2},
	Keywords = {Halmos},
	Publisher = {Chelsea Publishing Company},
	Title = {Introduction to Hilbert Space and the Theory of Spectral Multiplicity},
	Year = {1972}}

@book{halmos:1974b,
	Address = {New York AND Heidelberg AND Berlin},
	Author = {Paul R. Halmos},
	Date-Added = {2009-07-25 17:38:55 +0200},
	Date-Modified = {2010-07-19 12:52:12 +0200},
	Keywords = {Halmos},
	Publisher = {Springer},
	Title = {A Hilbert Space Problem Book, Second Edition},
	Year = {1982}}

@book{heuser:2006,
	Address = {Wiesbaden},
	Author = {Harro Heuser},
	Date-Added = {2009-07-25 17:38:55 +0200},
	Date-Modified = {2015-03-04 11:29:57 +0000},
	Edition = {4.},
	Keywords = {FUA},
	Publisher = {B.G. Teubner Verlag},
	Title = {Funktionalanalysis, Theorie und Anwendung},
	Year = {2006}}

@book{hilbert:1912,
	Author = {David Hilbert},
	Date-Added = {2009-07-25 17:38:55 +0200},
	Date-Modified = {2015-09-16 19:39:55 +0000},
	Keywords = {Hilbert},
	Publisher = {B.G. Teubner},
	Title = {Grundz{\"u}ge einer allgemeinen Theorie der Linearen {I}ntegralgleichungen},
	Year = {1912}}

@book{kadison:1997a,
	Author = {R.V. Kadison and J.R. Ringrose},
	Date-Added = {2009-07-25 17:38:55 +0200},
	Date-Modified = {2009-09-27 16:15:27 +0200},
	Keywords = {Kadison},
	Publisher = {AMS},
	Title = {Fundamentals of the Theory of Operator Algebras, Vol. I},
	Year = {1997}}

@book{kadison:1997b,
	Author = {R.V. Kadison and J.R. Ringrose},
	Date-Added = {2009-07-25 17:38:55 +0200},
	Date-Modified = {2009-09-27 16:15:45 +0200},
	Keywords = {Kadison},
	Publisher = {AMS},
	Title = {Fundamentals of the Theory of Operator Algebras, Vol. II},
	Year = {1997}}

@book{neumann:1996,
	Author = {John von Neumann},
	Date-Added = {2009-07-25 17:38:55 +0200},
	Date-Modified = {2009-07-25 17:38:55 +0200},
	Edition = {2},
	Keywords = {Neumann Quantenmechanik},
	Publisher = {Springer},
	Title = {Mathematische Grundlagen der Quantenmechanik},
	Year = {1996}}

@book{pedersen:1979,
	Address = {London},
	Author = {Gert K. Pedersen},
	Date-Added = {2009-07-25 17:38:55 +0200},
	Date-Modified = {2015-02-25 14:12:49 +0000},
	Keywords = {OPT},
	Publisher = {Academic Press},
	Title = {C*-Algebras and their Automorphism Groups},
	Year = {1979}}

@book{pedersen:2000,
	Address = {Berlin AND Heidelberg AND New York},
	Author = {Gert K. Pedersen},
	Date-Added = {2009-07-25 17:38:55 +0200},
	Date-Modified = {2015-02-25 14:12:38 +0000},
	Keywords = {ANA},
	Publisher = {Springer},
	Title = {Analysis Now!},
	Year = {2000}}

@book{rudin:2009,
	Address = {M{\"u}nchen},
	Author = {Walter Rudin},
	Date-Added = {2009-07-25 17:38:55 +0200},
	Date-Modified = {2015-02-25 14:12:26 +0000},
	Keywords = {ANA},
	Publisher = {Oldenbourg Verlag},
	Title = {Analysis, 4. Auflage},
	Year = {2009}}

@book{sakai:1971,
	Address = {Berlin AND Heidelberg AND New York},
	Author = {Sh{\^o}ichir{\^o} Sakai},
	Date-Added = {2009-07-25 17:38:55 +0200},
	Date-Modified = {2015-02-25 14:12:09 +0000},
	Keywords = {OPT},
	Publisher = {Springer},
	Series = {Ergebnisse der Mathematik und ihrer Grenzgebiete},
	Title = {C*-Algebras and W*-Algebras},
	Volume = {60},
	Year = {1971}}

@book{stein:fourier,
	Author = {Elias M. Stein and Rami Shakarchi},
	Date-Added = {2009-07-25 17:38:55 +0200},
	Date-Modified = {2009-09-28 15:22:05 +0200},
	Keywords = {Stein},
	Publisher = {Princeton University Press},
	Series = {Princeton Lectures in Analysis I},
	Title = {Fourier Analysis, An Introduction},
	Year = {2003}}

@book{blackadar:2006,
	Author = {Bruce Blackadar},
	Date-Added = {2009-07-25 17:38:45 +0200},
	Date-Modified = {2009-07-28 07:07:41 +0200},
	Keywords = {Blackadar},
	Owner = {ugroh},
	Publisher = {Springer},
	Series = {Encyclopaedia of Mathematical Sciences, Volume 122},
	Title = {Operator Algebras},
	Year = {2006}}

@book{achieser:1975,
	Address = {Berlin},
	Author = {N. I. Achieser and I. M. Glasman},
	Date-Added = {2009-07-25 17:38:36 +0200},
	Date-Modified = {2015-02-23 08:18:05 +0000},
	Edition = {6},
	Keywords = {OPT},
	Publisher = {Akademie-Verlag},
	Title = {Theorie der Linearen Operatoren im Hilbert-Raum},
	Year = {1975}}

@comment{BibDesk Smart Groups{
<?xml version="1.0" encoding="UTF-8"?>
<!DOCTYPE plist PUBLIC "-//Apple//DTD PLIST 1.0//EN" "http://www.apple.com/DTDs/PropertyList-1.0.dtd">
<plist version="1.0">
<array>
	<dict>
		<key>conditions</key>
		<array>
			<dict>
				<key>comparison</key>
				<integer>2</integer>
				<key>key</key>
				<string>Keywords</string>
				<key>value</key>
				<string>ALL</string>
				<key>version</key>
				<string>1</string>
			</dict>
		</array>
		<key>conjunction</key>
		<integer>0</integer>
		<key>group name</key>
		<string>Algemeines</string>
	</dict>
	<dict>
		<key>conditions</key>
		<array>
			<dict>
				<key>comparison</key>
				<integer>4</integer>
				<key>key</key>
				<string>Keywords</string>
				<key>value</key>
				<string>ANA</string>
				<key>version</key>
				<string>1</string>
			</dict>
		</array>
		<key>conjunction</key>
		<integer>0</integer>
		<key>group name</key>
		<string>Analysis</string>
	</dict>
	<dict>
		<key>conditions</key>
		<array>
			<dict>
				<key>comparison</key>
				<integer>2</integer>
				<key>key</key>
				<string>Keywords</string>
				<key>value</key>
				<string>Bourbaki</string>
				<key>version</key>
				<string>1</string>
			</dict>
		</array>
		<key>conjunction</key>
		<integer>0</integer>
		<key>group name</key>
		<string>Bourbaki</string>
	</dict>
	<dict>
		<key>conditions</key>
		<array>
			<dict>
				<key>comparison</key>
				<integer>4</integer>
				<key>key</key>
				<string>Keywords</string>
				<key>value</key>
				<string>DGL</string>
				<key>version</key>
				<string>1</string>
			</dict>
		</array>
		<key>conjunction</key>
		<integer>0</integer>
		<key>group name</key>
		<string>Differentialgleichung</string>
	</dict>
	<dict>
		<key>conditions</key>
		<array>
			<dict>
				<key>comparison</key>
				<integer>2</integer>
				<key>key</key>
				<string>Keywords</string>
				<key>value</key>
				<string>FUA</string>
				<key>version</key>
				<string>1</string>
			</dict>
		</array>
		<key>conjunction</key>
		<integer>0</integer>
		<key>group name</key>
		<string>Funktionalanalysis</string>
	</dict>
	<dict>
		<key>conditions</key>
		<array>
			<dict>
				<key>comparison</key>
				<integer>2</integer>
				<key>key</key>
				<string>Keywords</string>
				<key>value</key>
				<string>FKT</string>
				<key>version</key>
				<string>1</string>
			</dict>
		</array>
		<key>conjunction</key>
		<integer>0</integer>
		<key>group name</key>
		<string>Funktionentheorie</string>
	</dict>
	<dict>
		<key>conditions</key>
		<array>
			<dict>
				<key>comparison</key>
				<integer>4</integer>
				<key>key</key>
				<string>Keywords</string>
				<key>value</key>
				<string>LinAlgebra</string>
				<key>version</key>
				<string>1</string>
			</dict>
		</array>
		<key>conjunction</key>
		<integer>0</integer>
		<key>group name</key>
		<string>Lineare Algebra</string>
	</dict>
	<dict>
		<key>conditions</key>
		<array>
			<dict>
				<key>comparison</key>
				<integer>4</integer>
				<key>key</key>
				<string>Keywords</string>
				<key>value</key>
				<string>MaßTH</string>
				<key>version</key>
				<string>1</string>
			</dict>
		</array>
		<key>conjunction</key>
		<integer>0</integer>
		<key>group name</key>
		<string>Maßtheorie</string>
	</dict>
	<dict>
		<key>conditions</key>
		<array>
			<dict>
				<key>comparison</key>
				<integer>2</integer>
				<key>key</key>
				<string>Keywords</string>
				<key>value</key>
				<string>OPT</string>
				<key>version</key>
				<string>1</string>
			</dict>
		</array>
		<key>conjunction</key>
		<integer>0</integer>
		<key>group name</key>
		<string>Operatortheorie</string>
	</dict>
	<dict>
		<key>conditions</key>
		<array>
			<dict>
				<key>comparison</key>
				<integer>4</integer>
				<key>key</key>
				<string>Keywords</string>
				<key>value</key>
				<string>Tao</string>
				<key>version</key>
				<string>1</string>
			</dict>
		</array>
		<key>conjunction</key>
		<integer>0</integer>
		<key>group name</key>
		<string>T. Tao</string>
	</dict>
	<dict>
		<key>conditions</key>
		<array>
			<dict>
				<key>comparison</key>
				<integer>2</integer>
				<key>key</key>
				<string>Keywords</string>
				<key>value</key>
				<string>TeX</string>
				<key>version</key>
				<string>1</string>
			</dict>
		</array>
		<key>conjunction</key>
		<integer>0</integer>
		<key>group name</key>
		<string>TeX</string>
	</dict>
	<dict>
		<key>conditions</key>
		<array>
			<dict>
				<key>comparison</key>
				<integer>4</integer>
				<key>key</key>
				<string>Keywords</string>
				<key>value</key>
				<string>TOP</string>
				<key>version</key>
				<string>1</string>
			</dict>
		</array>
		<key>conjunction</key>
		<integer>0</integer>
		<key>group name</key>
		<string>Topologie</string>
	</dict>
	<dict>
		<key>conditions</key>
		<array>
			<dict>
				<key>comparison</key>
				<integer>2</integer>
				<key>key</key>
				<string>Any Field</string>
				<key>value</key>
				<string>TVR</string>
				<key>version</key>
				<string>1</string>
			</dict>
		</array>
		<key>conjunction</key>
		<integer>0</integer>
		<key>group name</key>
		<string>TVR</string>
	</dict>
	<dict>
		<key>conditions</key>
		<array>
			<dict>
				<key>comparison</key>
				<integer>4</integer>
				<key>key</key>
				<string>Keywords</string>
				<key>value</key>
				<string>VektorANA</string>
				<key>version</key>
				<string>1</string>
			</dict>
		</array>
		<key>conjunction</key>
		<integer>0</integer>
		<key>group name</key>
		<string>Vektoranalysis</string>
	</dict>
</array>
</plist>
}}
